
@article{Abdelrahman2021,
    title = {Data science for building energy efficiency: {A} comprehensive text-mining driven review of scientific literature},
    volume = {242},
    doi = {https://doi.org/10.1016/j.enbuild.2021.110885},
    journal = {Energy and Buildings},
    author = {Abdelrahman, M. M. and Zhan, S. and Miller, C. and Chong, A.},
    year = {2021},
}


@article{Aguilera2019,
    title = {Thermal adaptation in occupant-driven {HVAC} control},
    volume = {25},
    doi = {https://doi.org/10.1016/j.jobe.2019.100846},
    journal = {Journal of Building Engineering},
    author = {Aguilera, J. J. and Kazanci, O. B. and Toftum, J.},
    year = {2019},
}



@article{Altomonte2020,
   author = {Altomonte, S. and Allen, J. and Bluyssen, P. M. and Brager, G. and Heschong, L. and Loder, A. and Schiavon, S. and Veitch, J. A. and Wang, L. and Wargocki, P.},
   title = {Ten questions concerning well-being in the built environment},
   journal = {Building and Environment},
   volume = {180},
   DOI = {https://doi.org/10.1016/j.buildenv.2020.106949},
   year = {2020},
   type = {Journal Article}
}

@article{Arens2010,
   author = {Arens, Edward and Humphreys, Michael A. and de Dear, Richard and Zhang, Hui},
   title = {Are ‘class A’ temperature requirements realistic or desirable?},
   journal = {Building and Environment},
   volume = {45},
   number = {1},
   pages = {4-10},
   ISSN = {0360-1323},
   DOI = {https://doi.org/10.1016/j.buildenv.2009.03.014},
   year = {2010},
   type = {Journal Article}
}

@article{Arens2015,
   author = {Arens, E. and Hoyt, T. and Zhou, X. and Huang, L. and Zhang, H. and Schiavon, S.},
   title = {Modeling the comfort effects of short-wave solar radiation indoors},
   journal = {Building and Environment},
   volume = {88},
   pages = {3-9},
   DOI = {https://doi.org/10.1016/j.buildenv.2014.09.004},
   year = {2015},
   type = {Journal Article}
}


@article{Attia2015,
    title = {Impact of different thermal comfort models on zero energy residential buildings in hot climate},
    volume = {102},
    doi = {https://doi.org/10.1016/j.enbuild.2015.05.017},
    journal = {Energy and Buildings},
    author = {Attia, S. and Carlucci, S.},
    year = {2015},
    pages = {117--128},
}


@article{Azar2020,
    title = {Simulation-aided occupant-centric building design: {A} critical review of tools, methods, and applications},
    volume = {224},
    doi = {https://doi.org/10.1016/j.enbuild.2020.110292},
    journal = {Energy and Buildings},
    author = {Azar, E. and O'Brien, W. and Carlucci, S. and Hong, T. and Sonta, A. and Kim, J. and Andargie, M. S. and Abuimara, T. and El Asmar, M. and Jain, R. K. and Ouf, M. M. and Tahmasebi, F. and Zhou, J.},
    year = {2020},
}

@article{Brager2015,
    title = {Evolving opportunities for providing thermal comfort},
    volume = {43},
    doi = {https://doi.org/10.1080/09613218.2015.993536},
    journal = {Building Research and Information},
    author = {Brager, G. and Zhang, H. and Arens, E.},
    year = {2015},
    pages = {274--287},
}


@article{Carlucci2012,
    title = {A review of indices for the long-term evaluation of the general thermal comfort conditions in buildings},
    volume = {53},
    issn = {0378-7788},
    url = {https://www.sciencedirect.com/science/article/pii/S0378778812003027},
    doi = {https://doi.org/10.1016/j.enbuild.2012.06.015},
    journal = {Energy and Buildings},
    author = {Carlucci, Salvatore and Pagliano, Lorenzo},
    month = oct,
    year = {2012},
    pages = {194--205},
}



@article{Cheung2019,
   author = {Cheung, T. and Schiavon, S. and Parkinson, T. and Li, P. and Brager, G.},
   title = {Analysis of the accuracy on PMV – PPD model using the ASHRAE Global Thermal Comfort Database II},
   journal = {Building and Environment},
   volume = {153},
   pages = {205-217},
   DOI = {https://doi.org/10.1016/j.buildenv.2019.01.055},
   year = {2019},
   type = {Journal Article}
}


@article{Chojer2020,
    title = {Development of low-cost indoor air quality monitoring devices: {Recent} advancements},
    volume = {727},
    issn = {0048-9697},
    doi = {https://doi.org/10.1016/j.scitotenv.2020.138385},
    journal = {Science of The Total Environment},
    author = {Chojer, H. and Branco, P. T. B. S. and Martins, F. G. and Alvim-Ferraz, M. C. M. and Sousa, S. I. V.},
    year = {2020},
    pages = {138385},
}


@article{Clarke2015,
    title = {Integrated building performance simulation: {Progress}, prospects and requirements},
    volume = {91},
    issn = {0360-1323},
    url = {https://www.sciencedirect.com/science/article/pii/S0360132315001602},
    doi = {https://doi.org/10.1016/j.buildenv.2015.04.002},
    journal = {Fifty Year Anniversary for Building and Environment},
    author = {Clarke, J.A. and Hensen, J.L.M.},
    month = sep,
    year = {2015},
    pages = {294--306},
}

@article{Clements2019,
    title = {The Spatial and Temporal Variability of the Indoor Environmental Quality during Three Simulated Office Studies at a Living Lab},
    volume = {9},
    issn = {2075-5309},
    number = {3},
    journal = {Buildings},
    author = {Clements, Nicholas and Zhang, Rongpeng and Jamrozik, Anja and Campanella, Carolina and Bauer, Brent},
    year = {2019},
    type = {Journal Article},
    pages = {62},
    DOI = {https://doi.org/10.3390/buildings9030062}
}


@article{CrawleyEnergyPlus2001,
    title = {{EnergyPlus}: creating a new-generation building energy simulation program},
    volume = {33},
    issn = {0378-7788},
    doi = {https://doi.org/10.1016/S0378-7788(00)00114-6},
    number = {4},
    journal = {Energy and Buildings},
    author = {Crawley, Drury B. and Lawrie, Linda K. and Winkelmann, Frederick C. and Buhl, W. F. and Huang, Y. Joe and Pedersen, Curtis O. and Strand, Richard K. and Liesen, Richard J. and Fisher, Daniel E. and Witte, Michael J. and Glazer, Jason},
    year = {2001},
    pages = {319--331},
    }


@article{dAmbrosio2011,
   author = {d’Ambrosio Alfano, Francesca Romana and Palella, Boris Igor and Riccio, Giuseppe},
   title = {The role of measurement accuracy on the thermal environment assessment by means of PMV index},
   journal = {Building and Environment},
   volume = {46},
   number = {7},
   pages = {1361-1369},
   ISSN = {0360-1323},
   DOI = {https://doi.org/10.1016/j.buildenv.2011.01.001},
   year = {2011},
   type = {Journal Article}
}

@article{DerribleReeder2015,
    title = {The cost of over-cooling commercial buildings in the {United} {States}},
    volume = {108},
    issn = {0378-7788},
    doi = {https://doi.org/10.1016/j.enbuild.2015.09.022},
    pages = {304--306},
    journal = {Energy and Buildings},
    author = {Derrible, Sybil and Reeder, Matthew},
    year = {2015}
}


@article{Du2022,
    title = {Evaluation of the accuracy of {PMV} and its several revised models using the {Chinese} thermal comfort {Database}},
    volume = {271},
    issn = {0378-7788},
    doi = {https://doi.org/10.1016/j.enbuild.2022.112334},
    journal = {Energy and Buildings},
    author = {Du, Heng and Lian, Zhiwei and Lai, Dayi and Duanmu, Lin and Zhai, Yongchao and Cao, Bin and Zhang, Yufeng and Zhou, Xiang and Wang, Zhaojun and Zhang, Xiaojing and Hou, Zhijian},
    year = {2022},
    pages = {112334},
}



@book{Fanger1972,
    address = {New York, NY},
    title = {Thermal comfort: analysis and applications in environmental engineering},
    isbn = {0-07-019915-9},
    publisher = {McGraw-Hill},
    author = {Fanger, P. O.},
    year = {1972},
}


@article{Fierro2019,
    title = {Mortar: {An} {Open} {Testbed} for {Portable} {Building} {Analytics}},
    volume = {16},
    issn = {1550-4859},
    doi = {https://doi.org/10.1145/3366375},
    number = {1},
    journal = {ACM Trans. Sen. Netw.},
    author = {Fierro, Gabe and Pritoni, Marco and Abdelbaky, Moustafa and Lengyel, Daniel and Leyden, John and Prakash, Anand and Gupta, Pranav and Raftery, Paul and Peffer, Therese and Thomson, Greg and Culler, David E.},
    month = dec,
    year = {2019},
    keywords = {dataset, modeling and analytics, Smart buildings},
}



@article{Frontczak2012,
   author = {Frontczak, M. and Schiavon, S. and Goins, J. and Arens, E. and Zhang, H. and Wargocki, P.},
   title = {Quantitative relationships between occupant satisfaction and satisfaction aspects of indoor environmental quality and building design},
   journal = {Indoor Air},
   volume = {22},
   number = {2},
   pages = {119-131},
   DOI = {https://doi.org/10.1111/j.1600-0668.2011.00745.x},
   year = {2012},
   type = {Journal Article}
}


@article{Frontczak2011,
    title = {Literature survey on how different factors influence human comfort in indoor environments},
    volume = {46},
    doi = {https://doi.org/10.1016/j.buildenv.2010.10.021},
    number = {4},
    journal = {Building and Environment},
    author = {Frontczak, M. and Wargocki, P.},
    year = {2011},
    pages = {922--937},
}

@article{Foldvary2018,
    title = {Development of the {ASHRAE} {Global} {Thermal} {Comfort} {Database} {II}},
    volume = {142},
    doi = {https://doi.org/10.1016/j.buildenv.2018.06.022},
    journal = {Building and Environment},
    author = {Földváry Ličina, V. and Cheung, T. and Zhang, H. and de Dear, R. and Parkinson, T. and Arens, E. and Chun, C. and Schiavon, S. and Luo, M. and Brager, G. and Li, P. and Kaam, S. and Adebamowo, M. A. and Andamon, M. M. and Babich, F. and Bouden, C. and Bukovianska, H. and Candido, C. and Cao, B. and Carlucci, S. and Cheong, D. K. W. and Choi, J. H. and Cook, M. and Cropper, P. and Deuble, M. and Heidari, S. and Indraganti, M. and Jin, Q. and Kim, H. and Kim, J. and Konis, K. and Singh, M. K. and Kwok, A. and Lamberts, R. and Loveday, D. and Langevin, J. and Manu, S. and Moosmann, C. and Nicol, F. and Ooka, R. and Oseland, N. A. and Pagliano, L. and Petráš, D. and Rawal, R. and Romero, R. and Rijal, H. B. and Sekhar, C. and Schweiker, M. and Tartarini, F. and Tanabe, S. I. and Tham, K. W. and Teli, D. and Toftum, J. and Toledo, L. and Tsuzuki, K. and De Vecchi, R. and Wagner, A. and Wang, Z. and Wallbaum, H. and Webb, L. and Yang, L. and Zhu, Y. and Zhai, Y. and Zhang, Y. and Zhou, X.},
    year = {2018},
    pages = {502--512},
}


@article{Fukawa2021,
    title = {Field study on occupants’ subjective symptoms attributed to overcooled environments in air-conditioned offices in hot and humid climates of {Asia}},
    volume = {195},
    issn = {0360-1323},
    doi = {https://doi.org/10.1016/j.buildenv.2021.107741},
    journal = {Building and Environment},
    author = {Fukawa, Yuta and Murakami, Ryota and Ichinose, Masayuki},
    month = may,
    year = {2021},
    pages = {107741},
}



 @article{Gauthier2020,
    author = {Gauthier, S. and Bourikas, L. and Al-Atrash, F. and Bae, C. and Chun, C. and de Dear, R. and Hellwig, R. T. and Kim, J. and Kwon, S. and Mora, R. and Pandya, H. and Rawal, R. and Tartarini, F. and Upadhyay, R. and Wagner, A.},
    journal = {Energy and Buildings},
    year = {2020},
    DOI={https://doi.org/10.1016/j.enbuild.2020.109936},
    title={The colours of comfort: From thermal sensation to person-centric thermal zones for adaptive building strategies}, 
    volume={216}
}

@article{Graham2021,
   author = {Lindsay T. Graham and Thomas Parkinson and Stefano Schiavon},
   doi = {https://doi.org/10.5334/bc.76},
   issn = {2632-6655},
   issue = {1},
   journal = {Buildings and Cities},
   keywords = {en_US},
   month = {2},
   pages = {166-184},
   title = {Lessons learned from 20 years of {CBE}’s occupant surveys},
   volume = {2},
   year = {2021},
   type = {Journal Article}
}

@article{He2022,
    title = {Creating alliesthesia in cool environments using personal comfort systems},
    volume = {209},
    issn = {0360-1323},
    doi = {https://doi.org/10.1016/j.buildenv.2021.108642},
    journal = {Building and Environment},
    author = {He, Yingdong and Parkinson, Thomas and Arens, Edward and Zhang, Hui and Li, Nianping and Peng, Jinqing and Elson, John and Maranville, Clay},
    year = {2022},
    pages = {108642}
}


@article{Heschong2012,
    address = {New York, N.Y.},
    author = {Heschong, Lisa (Chair) and Wymelenberg, Van Den and (Vice-Chair), Keven and Andersen, Marilyne and Digert, N. and Fernandes, L. and Keller, A. and Loveland, J. and McKay, H. and Mistrick, R. and Mosher, B. and Reinhart, C. and Rogers, Z. and Tanteri, M.},
    pages = {LM-83-12},
    publisher = {IES - Illuminating Engineering Society},
    title = {Approved Method: IES Spatial Daylight Autonomy (sDA) and Annual Sunlight Exposure (ASE)},
    year = {2012}
}

@article{Hong2017,
    title = {Ten questions concerning occupant behavior in buildings: {The} big picture},
    volume = {114},
    issn = {0360-1323},
    doi = {https://doi.org/10.1016/j.buildenv.2016.12.006},
    journal = {Building and Environment},
    author = {Hong, Tianzhen and Yan, Da and D'Oca, Simona and Chen, Chien-fei},
    year = {2017},
    type = {Journal Article},
    pages = {518-530}
}


@article{Hoyt2015,
    title = {Extending air temperature setpoints: {Simulated} energy savings and design considerations for new and retrofit buildings},
    volume = {88},
    doi = {https://doi.org/10.1016/j.buildenv.2014.09.010},
    journal = {Building and Environment},
    author = {Hoyt, T. and Arens, E. and Zhang, H.},
    year = {2015},
    pages = {89--96},
}


@article{Humphreys2002,
    title = {The validity of {ISO}-{PMV} for predicting comfort votes in every-day thermal environments},
    volume = {34},
    issn = {0378-7788},
    doi = {https://doi.org/10.1016/S0378-7788(02)00018-X},
    number = {6},
    journal = {Special Issue on Thermal Comfort Standards},
    author = {Humphreys, Michael A and Fergus Nicol, J},
    month = jul,
    year = {2002},
    pages = {667--684},
}

@article{Humphreys1978,
    title = {Outdoor temperatures and comfort indoors},
    volume = {6},
    issn = {0182-3329},
    doi = {https://doi.org/10.1080/09613217808550656},
    number = {2},
    journal = {Batiment International, Building Research and Practice},
    author = {Humphreys, Michael},
    year = {1978},
    pages = {92--92},
}


@article{Jafarpur2021,
    title = {Effects of climate changes on building energy demand and thermal comfort in {Canadian} office buildings adopting different temperature setpoints},
    volume = {42},
    issn = {2352-7102},
    doi = {https://doi.org/10.1016/j.jobe.2021.102725},
    journal = {Journal of Building Engineering},
    author = {Jafarpur, Pouriya and Berardi, Umberto},
    month = oct,
    year = {2021},
    pages = {102725},
}


@book{James2013,
    title = {An {Introduction} to {Statistical} {Learning}: {With} {Applications} in {R}},
    isbn = {1-4614-7137-0},
    publisher = {Springer New York, NY},
    author = {James, Gareth and Witten, Daniela and Hastie, Trevor and Tibshirani, Robert},
    year = {2013},
}



@article{Jayathissa2020,
   author = {Jayathissa, Prageeth and Quintana, Matias and Abdelrahman, Mahmoud and Miller, Clayton},
   title = {Humans-as-a-Sensor for Buildings—Intensive Longitudinal Indoor Comfort Models},
   journal = {Buildings},
   volume = {10},
   number = {10},
   pages = {174},
   ISSN = {2075-5309},
   DOI = {https://doi.org/10.3390/buildings10100174},
   year = {2020},
   type = {Journal Article}
}


@article{Ji2023,
    title = {A {Systematic} {Review} of {Sensing} {Technology} in {Human}-{Building} {Interaction} {Research}},
    volume = {13},
    issn = {2075-5309},
    doi = {https://doi.org/10.3390/buildings13030691},
    number = {3},
    journal = {Buildings},
    author = {Ji, Weiyu and Yang, Lu and Liu, Zhansheng and Feng, Shuxin},
    year = {2023},
    pages = {691},
}


@article{Kent2023,
    title = {Energy savings and thermal comfort in a zero energy office building with fans in {Singapore}},
    volume = {243},
    issn = {0360-1323},
    doi = {https://doi.org/10.1016/j.buildenv.2023.110674},
    journal = {Building and Environment},
    author = {Kent, Michael G. and Huynh, Nam Khoa and Mishra, Asit Kumar and Tartarini, Federico and Lipczynska, Aleksandra and Li, Jiayu and Sultan, Zurami and Goh, Edwin and Karunagaran, Giridharan and Natarajan, Arulmani and Indrajith, Asiri and Hendri, Ivanna and Narendra, Komang I. and Wu, Vicky and Chin, Noel and Gao, Chun Ping and Sapar, Majid and Seoh, Alvin and Shuhadah, Nur and Valliappan, Selvam and Jukes, Tim and Spanos, Costas and Schiavon, Stefano},
    month = sep,
    year = {2023},
    pages = {110674},
}




@article{KramerFieldStudy2023,
    title = {Personal differences in thermal comfort perception: {Observations} from a field study in {Brisbane}, {Australia}},
    doi = {https://doi.org/10.1016/j.buildenv.2023.110873},
    journal = {Building and Environment},
    author = {Kramer, T. and Garcia-Hansen, V. and Omrani, S. and Zhou, J. and Chen, D.},
    month = oct,
    year = {2023},
    pages = {110873},
}



@article{Kim2019,
    title = {Occupant comfort and behavior: {High}-resolution data from a 6-month field study of personal comfort systems with 37 real office workers},
    volume = {148},
    doi = {https://doi.org/10.1016/j.buildenv.2018.11.012},
    journal = {Building and Environment},
    author = {Kim, J. and Bauman, F. and Raftery, P. and Arens, E. and Zhang, H. and Fierro, G. and Andersen, M. and Culler, D.},
    year = {2019},
    pages = {348--360},
}


@article{KimZhou2018,
   author = {Kim, Joyce and Zhou, Yuxun and Schiavon, Stefano and Raftery, Paul and Brager, Gail},
   title = {Personal comfort models: Predicting individuals' thermal preference using occupant heating and cooling behavior and machine learning},
   journal = {Building and Environment},
   volume = {129},
   pages = {96-106},
   ISSN = {0360-1323},
   DOI = {https://doi.org/10.1016/j.buildenv.2017.12.011},
   year = {2018},
   type = {Journal Article}
}

@article{KimSchiavon2018,
   author = {Kim, Joyce and Schiavon, Stefano and Brager, Gail},
   title = {Personal comfort models – A new paradigm in thermal comfort for occupant-centric environmental control},
   journal = {Building and Environment},
   volume = {132},
   pages = {114-124},
   ISSN = {0360-1323},
   DOI = {https://doi.org/10.1016/j.buildenv.2018.01.023},
   year = {2018},
   type = {Journal Article}
}


@article{Knudsen2023,
    title = {Comfort and {Economic} {Viability} of {Personal} {Ceiling} {Fans} {Assisted} by {Night} {Ventilation} in a {Renovated} {Office} {Building}},
    volume = {13},
    doi = {https://doi.org/10.3390/buildings13030589},
    number = {3},
    journal = {Buildings},
    author = {Knudsen, M. and Rissetto, R. and Carbonare, N. and Wagner, A. and Schweiker, M.},
    year = {2023},
}


@article{Ko2018,
    title = {Ventilation, thermal and luminous autonomy metrics for an integrated design process},
    volume = {145},
    issn = {0360-1323},
    doi = {https://doi.org/10.1016/j.buildenv.2018.08.038},
    journal = {Building and Environment},
    author = {Ko, Won Hee and Schiavon, Stefano and Brager, Gail and Levitt, Brendon},
    month = nov,
    year = {2018},
    keywords = {Environmental autonomy, Integrated design, Resilience, Thermal comfort, Ventilation autonomy, Visual comfort},
    pages = {153--165},
}



@article{Lee2017,
    title = {A {Bayesian} approach for probabilistic classification and inference of occupant thermal preferences in office buildings},
    volume = {118},
    issn = {0360-1323},
    doi = {https://doi.org/10.1016/j.buildenv.2017.03.009},
    journal = {Building and Environment},
    author = {Lee, Seungjae and Bilionis, Ilias and Karava, Panagiota and Tzempelikos, Athanasios},
    year = {2017},
    pages = {323--343},
}



@inproceedings{Levitt2013,
   author = {Levitt, Brendon and Ubbelohde, Susan and Loisos, George and Brown, Nathan C.},
   title = {Thermal Autonomy as Metric and Design Process},
   booktitle = {Pushing The Boundaries: Net Positive Buildings},
   type = {Conference Proceedings},
   year = {2013}
}



@article{Li2019,
    title = {A data-driven approach to defining acceptable temperature ranges in buildings},
    volume = {153},
    issn = {0360-1323},
    doi = {https://doi.org/10.1016/j.buildenv.2019.02.020},
    journal = {Building and Environment},
    author = {Li, Peixian and Parkinson, Thomas and Brager, Gail and Schiavon, Stefano and Cheung, Toby C. T. and Froese, Thomas},
    year = {2019},
    pages = {302--312},
}


@article{Li2020,
    title = {Improved long-term thermal comfort indices for continuous monitoring},
    volume = {224},
    issn = {0378-7788},
    doi = {https://doi.org/10.1016/j.enbuild.2020.110270},
    journal = {Energy and Buildings},
    author = {Li, Peixian and Parkinson, Thomas and Schiavon, Stefano and Froese, Thomas M. and de Dear, Richard and Rysanek, Adam and Staub-French, Sheryl},
    month = oct,
    year = {2020},
    pages = {110270},
}



@article{LuoNa2021,
    title = {An overview of data tools for representing and managing building information and performance data},
    volume = {147},
    issn = {1364-0321},
    doi = {https://doi.org/10.1016/j.rser.2021.111224},
    journal = {Renewable and Sustainable Energy Reviews},
    author = {Luo, Na and Pritoni, Marco and Hong, Tianzhen},
    year = {2021},
    pages = {111224},
}



@article{Luo2016,
    title = {The underlying linkage between personal control and thermal comfort: {Psychological} or physical effects?},
    volume = {111},
    doi = {https://doi.org/10.1016/j.enbuild.2015.11.004},
    journal = {Energy and Buildings},
    author = {Luo, M. and Cao, B. and Ji, W. and Ouyang, Q. and Lin, B. and Zhu, Y.},
    year = {2016},
    pages = {56-63}
}

@article{Luo2020,
    title = {Comparing machine learning algorithms in predicting thermal sensation using {ASHRAE} {Comfort} {Database} {II}},
    volume = {210},
    doi = {https://doi.org/10.1016/j.enbuild.2020.109776},
    journal = {Energy and Buildings},
    author = {Luo, M. and Xie, J. and Yan, Y. and Ke, Z. and Yu, P. and Wang, Z. and Zhang, J.},
    year = {2020},
}

@phdthesis{Mackey2015,
   author = {Mackey, Chris},
   title = {Pan climatic humans : shaping thermal habits in an unconditioned society},
   university = {Massachusetts Institute of Technology},
   year = {2015},
   type = {Thesis}
}

@phdthesis{MenchacaBrandan2012,
   author = {Menchaca Brandan, María Alejandra},
   title = {Study of airflow and thermal stratification in naturally ventilated rooms},
   university = {Massachusetts Institute of Technology},
   year = {2012},
   type = {Thesis}
}

@article{Mishra2016,
   author = {A.K. Mishra and M.G.L.C. Loomans and J.L.M. Hensen},
   doi = {https://doi.org/10.1016/j.buildenv.2016.09.016},
   issn = {03601323},
   journal = {Building and Environment},
   month = {11},
   pages = {82-100},
   title = {Thermal comfort of heterogeneous and dynamic indoor conditions — An overview},
   volume = {109},
   year = {2016},
   type = {Journal Article}
}


@article{Mishra2013,
    title = {Field studies on human thermal comfort — {An} overview},
    volume = {64},
    issn = {0360-1323},
    doi = {https://doi.org/10.1016/j.buildenv.2013.02.015},
    journal = {Building and Environment},
    author = {Mishra, Asit Kumar and Ramgopal, Maddali},
    year = {2013},
    pages = {94--106},
}


@article{Ngarambe2020,
    title = {The use of artificial intelligence ({AI}) methods in the prediction of thermal comfort in buildings: energy implications of {AI}-based thermal comfort controls},
    volume = {211},
    doi = {https://doi.org/10.1016/j.enbuild.2020.109807},
    journal = {Energy and Buildings},
    author = {Ngarambe, J. and Yun, G. Y. and Santamouris, M.},
    year = {2020},
}


@article{Nicol2009,
    title = {New standards for comfort and energy use in buildings},
    volume = {37},
    doi = {https://doi.org/10.1080/09613210802611041},
    number = {1},
    journal = {Building Research and Information},
    author = {Nicol, J.F. and Humphreys, M.A.},
    year = {2009},
    pages = {68--73},
}





@article{Park2018,
    title = {Post-{Occupancy} {Evaluation} and {IEQ} {Measurements} from 64 {Office} {Buildings}: {Critical} {Factors} and {Thresholds} for {User} {Satisfaction} on {Thermal} {Quality}},
    volume = {8},
    issn = {2075-5309},
    doi = {https://doi.org/10.3390/buildings8110156},
    number = {11},
    journal = {Buildings},
    author = {Park, Jihyun and Loftness, Vivian and Aziz, Azizan},
    year = {2018}
}


@article{Parkinson2019a,
    title = {Continuous {IEQ} monitoring system: {Context} and development},
    volume = {149},
    issn = {0360-1323},
    doi = {https://doi.org/10.1016/j.buildenv.2018.12.010},
    journal = {Building and Environment},
    author = {Parkinson, Thomas and Parkinson, Alex and de Dear, Richard},
    year = {2019},
    pages = {15--25},
}


@article{Parkinson2021,
    title = {Overcooling of offices reveals gender inequity in thermal comfort},
    volume = {11},
    issn = {2045-2322},
    doi = {https://doi.org/10.1038/s41598-021-03121-1},
    pages = {23684},
    number = {1},
    journal = {Scientific Reports},
    author = {Parkinson, Thomas and Schiavon, Stefano and de Dear, Richard and Brager, Gail},
    year = {2021}
}

@article{Pedregosa2011,
    title = {Scikit-learn: {Machine} {Learning} in {Python}},
    volume = {12},
    url = {http://jmlr.org/papers/v12/pedregosa11a.html},
    number = {85},
    journal = {Journal of Machine Learning Research},
    author = {Pedregosa, Fabian and Varoquaux, Gaël and Gramfort, Alexandre and Michel, Vincent and Thirion, Bertrand and Grisel, Olivier and Blondel, Mathieu and Prettenhofer, Peter and Weiss, Ron and Dubourg, Vincent and Vanderplas, Jake and Passos, Alexandre and Cournapeau, David and Brucher, Matthieu and Perrot, Matthieu and Duchesnay, Edouard},
    year = {2011},
    pages = {2825--2830},
}


@article{Porras-Salazar2021,
    title = {Meta-analysis of 35 studies examining the effect of indoor temperature on office work performance},
    volume = {203},
    issn = {0360-1323},
    doi = {https://doi.org/10.1016/j.buildenv.2021.108037},
    journal = {Building and Environment},
    author = {Porras-Salazar, Jose Ali and Schiavon, Stefano and Wargocki, Pawel and Cheung, Toby and Tham, Kwok Wai},
    month = oct,
    year = {2021},
    keywords = {Cognitive performance, Indoor air temperature, Offices, Productivity, Thermal environment},
    pages = {108037},
}


@article{QavidelFard2022,
    title = {Application of machine learning in thermal comfort studies: {A} review of methods, performance and challenges},
    volume = {256},
    doi = {https://doi.org/10.1016/j.enbuild.2021.111771},
    journal = {Energy and Buildings},
    author = {Qavidel Fard, Z. and Zomorodian, Z. S. and Korsavi, S. S.},
    year = {2022}
}


@article{Quintana2023,
    title = {Cohort comfort models — {Using} occupant's similarity to predict personal thermal preference with less data},
    volume = {227},
    doi = {https://doi.org/10.1016/j.buildenv.2022.109685},
    journal = {Building and Environment},
    author = {Quintana, M. and Schiavon, S. and Tartarini, F. and Kim, J. and Miller, C.},
    year = {2023},
}



@article{Raji2017,
    title = {Early-{Stage} {Design} {Considerations} for the {Energy}-{Efficiency} of {High}-{Rise} {Office} {Buildings}},
    volume = {9},
    doi = {https://doi.org/10.3390/su9040623},
    journal = {Sustainability},
    author = {Raji, Babak and Tenpierik, Martin J. and Dobbelsteen, Andy van den},
    year = {2017},
    pages = {623},
}


@article{Rawal2020,
    title = {Personal comfort systems: {A} review on comfort, energy, and economics},
    volume = {214},
    url = {https://www.scopus.com/inward/record.uri?eid=2-s2.0-85080069244&doi=10.1016%2fj.enbuild.2020.109858&partnerID=40&md5=78296a6ef4abd3574e1daab2aac2e019},
    doi = {https://doi.org/110.1016/j.enbuild.2020.109858},
    journal = {Energy and Buildings},
    author = {Rawal, R. and Schweiker, M. and Kazanci, O. B. and Vardhan, V. and Jin, Q. and Duanmu, L.},
    year = {2020},
}


@article{Reinhart2006,
    title = {Dynamic {Daylight} {Performance} {Metrics} for {Sustainable} {Building} {Design}},
    volume = {3},
    issn = {1550-2724},
    doi = {https://doi.org/10.1582/LEUKOS.2006.03.01.001},
    number = {1},
    journal = {LEUKOS},
    author = {Reinhart, Christoph F. and Mardaljevic, John and Rogers, Zack},
    month = jul,
    year = {2006},
    note = {Publisher: Taylor \& Francis},
    pages = {7--31},
}



@article{Roetzel2012,
    title = {Impact of climate change on comfort and energy performance in offices},
    volume = {57},
    issn = {0360-1323},
    doi = {https://doi.org/10.1016/j.buildenv.2012.06.002},
    journal = {Building and Environment},
    author = {Roetzel, Astrid and Tsangrassoulis, Aris},
    month = nov,
    year = {2012},
    pages = {349--361},
}

@inproceedings{SadeghipourRoudsariLadybug2013,
    address = {Chambery, France},
    title = {Ladybug: a parametric environmental plugin for grasshopper to help designers create an environmentally-conscious design},
    booktitle = {Proceedings of {BS2013}: 13th {Conference} of {International} {Building} {Performance} {Simulation} {Association}},
    author = {Sadeghipour Roudsari, Mostapha and Pak, Michelle},
    year = {2013},
}


@article{Schweiker2018,
   author = {Marcel Schweiker and Gesche M. Huebner and Boris R. M. Kingma and Rick Kramer and Hannah Pallubinsky},
   doi = {https://doi.org/10.1080/23328940.2018.1534490},
   issn = {2332-8940},
   issue = {4},
   journal = {Temperature},
   month = {10},
   pages = {308-342},
   publisher = {Taylor & Francis},
   title = {Drivers of diversity in human thermal perception – A review for holistic comfort models},
   volume = {5},
   year = {2018},
   type = {Journal Article}
}

@article{Sekhar2016,
   author = {Sekhar, S. C.},
   title = {Thermal comfort in air-conditioned buildings in hot and humid climates – why are we not getting it right?},
   journal = {Indoor Air},
   volume = {26},
   number = {1},
   pages = {138-152},
   ISSN = {0905-6947},
   DOI = {https://doi.org/10.1111/ina.12184},
   year = {2016},
   type = {Journal Article}
}



@article{Silva2016,
    title = {Performance evaluation of long-term thermal comfort indices in building simulation according to {ASHRAE} {Standard} 55},
    volume = {102},
    issn = {0360-1323},
    doi = {10.1016/j.buildenv.2016.03.004},
    journal = {Building and Environment},
    author = {Silva, Arthur Santos and Ghisi, Enedir and Lamberts, Roberto},
    month = jun,
    year = {2016},
    pages = {95--115},
}



@article{Tanabe2015,
    title = {Workplace productivity and individual thermal satisfaction},
    volume = {91},
    issn = {0360-1323},
    doi = {10.1016/j.buildenv.2015.02.032},
    journal = {Building and Environment},
    author = {Tanabe, Shin-ichi and Haneda, Masaoki and Nishihara, Naoe},
    year = {2015},
    pages = {42--50},
}


@article{Tartarini2022,
   author = {Tartarini, Federico and Schiavon, Stefano and Quintana, Matias and Miller, Clayton},
   title = {Personal comfort models based on a 6-month experiment using environmental parameters and data from wearables},
   journal = {Indoor Air},
   volume = {32},
   number = {11},
   pages = {e13160},
   ISSN = {0905-6947},
   DOI = {https://doi.org/10.1111/ina.13160},
   year = {2022},
   type = {Journal Article}
}

@article{TartariniPythermalComfort2020,
    title = {pythermalcomfort: {A} {Python} package for thermal comfort research},
    volume = {12},
    issn = {2352-7110},
    doi = {https://doi.org/10.1016/j.softx.2020.100578},
    journal = {SoftwareX},
    author = {Tartarini, Federico and Schiavon, Stefano},
    year = {2020},
    pages = {100578},
}

@article{VanHoof2008,
   author = {Van Hoof, J.},
   title = {Forty years of Fanger's model of thermal comfort: Comfort for all?},
   journal = {Indoor Air},
   volume = {18},
   number = {3},
   pages = {182-201},
   DOI = {https://doi.org/10.1111/j.1600-0668.2007.00516.x},
   year = {2008},
   type = {Journal Article}
}


@article{vanderWaltNumpy2011,
    title = {The {NumPy} {Array}: {A} {Structure} for {Efficient} {Numerical} {Computation}},
    volume = {13},
    issn = {1558-366X},
    doi = {https://doi.org/10.1109/MCSE.2011.37},
    number = {2},
    journal = {Computing in Science \& Engineering},
    author = {van der Walt, S. van der and Colbert, S. C. and Varoquaux, G.},
    year = {2011},
    pages = {22--30},
}


@article{Wagner2007,
   author = {Wagner, A. and Gossauer, E. and Moosmann, C. and Gropp, Th and Leonhart, R.},
   title = {Thermal comfort and workplace occupant satisfaction—Results of field studies in German low energy office buildings},
   journal = {Energy and Buildings},
   volume = {39},
   number = {7},
   pages = {758-769},
   ISSN = {0378-7788},
   DOI = {https://doi.org/10.1016/j.enbuild.2007.02.013},
   year = {2007},
   type = {Journal Article}
}

@article{Wang2018,
   author = {Wang, Z. and de Dear, R. and Luo, M. and Lin, B. and He, Y. and Ghahramani, A. and Zhu, Y.},
   title = {Individual difference in thermal comfort: A literature review},
   journal = {Building and Environment},
   volume = {138},
   pages = {181-193},
   DOI = {10.1016/j.buildenv.2018.04.040},
   year = {2018},
   type = {Journal Article}
}

@inproceedings{WardRadiance1994,
    address = {New York, NY, USA},
    series = {{SIGGRAPH} '94},
    title = {The {RADIANCE} {Lighting} {Simulation} and {Rendering} {System}},
    isbn = {0-89791-667-0},
    doi = {https://doi.org/10.1145/192161.192286},
    booktitle = {Proceedings of the 21st {Annual} {Conference} on {Computer} {Graphics} and {Interactive} {Techniques}},
    publisher = {Association for Computing Machinery},
    author = {Ward, Gregory J.},
    year = {1994},
    pages = {459--472},
}

@phdthesis{Webb2012,
   author = {Webb, Armanda Laurel},
   title = {Mapping comfort : an analysis method for understanding diversity in the thermal environment},
   university = {Massachusetts Institute of Technology},
   year = {2012},
   type = {Thesis}
}

@article{WellerOpenFOAM1998,
    title = {A tensorial approach to computational continuum mechanics using object-oriented techniques},
    volume = {12},
    issn = {0894-1866},
    doi = {https://aip.scitation.org/doi/abs/10.1063/1.168744},
    number = {6},
    journal = {Computers in Physics},
    author = {Weller, H. G. and Tabor, G. and Jasak, H. and Fureby, C.},
    year = {1998},
    pages = {620--631},
}


@article{Whyte2017,
    title = {How digitizing building information transforms the built environment},
    volume = {45},
    issn = {0961-3218},
    doi = {https://doi.org/10.1080/09613218.2017.1324726},
    number = {6},
    journal = {Building Research \& Information},
    author = {Whyte, Jennifer K. and Hartmann, Timo},
    year = {2017},
    pages = {591--595},
}


@article{Wyon2013,
   author = {Wyon, D. P. and Wargocki, P.},
   title = {How indoor environment affects performance},
   journal = {ASHRAE Journal},
   volume = {55},
   number = {3},
   pages = {46-52},
   year = {2013},
   type = {Journal Article}
}


@article{Xie2020,
    title = {Review on occupant-centric thermal comfort sensing, predicting, and controlling},
    volume = {226},
    doi = {https://doi.org/10.1016/j.enbuild.2020.110392},
    journal = {Energy and Buildings},
    author = {Xie, J. and Li, H. and Li, C. and Zhang, J. and Luo, M.},
    year = {2020},
}


@article{Yang2014,
    title = {Thermal comfort and building energy consumption implications – {A} review},
    volume = {115},
    issn = {0306-2619},
    doi = {https://doi.org/10.1016/j.apenergy.2013.10.062},
    journal = {Applied Energy},
    author = {Yang, Liu and Yan, Haiyan and Lam, Joseph C.},
    year = {2014},
    note = {Type: Journal Article},
    pages = {164--173},
}



@article{ZhangHui2015,
   author = {Zhang, H. and Arens, E. and Zhai, Y.},
   title = {A review of the corrective power of personal comfort systems in non-neutral ambient environments},
   journal = {Building and Environment},
   volume = {91},
   pages = {15-41},
   DOI = {https://doi.org/10.1016/j.buildenv.2015.03.013},
   year = {2015},
   type = {Journal Article}
}


@inproceedings{Zhang2018,
    title = {Reducing building over-cooling by adjusting {HVAC} supply airflow setpoints and providing personal comfort systems},
    url = {https://escholarship.org/uc/item/3164g329},
    author = {Zhang, Hui and Bauman, Fred S. Pe and Arens, Edward A. and Zhai, Y. and Dickerhoff, Darryl J. and Zhou, Xiaoping and Luo, Maohui},
    year = {2018},
}


@article{Zhang2019,
   author = {Zhang, Fan and de Dear, Richard and Hancock, Peter},
   title = {Effects of moderate thermal environments on cognitive performance: A multidisciplinary review},
   journal = {Applied Energy},
   volume = {236},
   pages = {760-777},
   ISSN = {0306-2619},
   DOI = {https://doi.org/10.1016/j.apenergy.2018.12.005},
   year = {2019},
   type = {Journal Article}
}


@article{Zhang2022,
    title = {Energy and comfort performance of occupant-centric air conditioning strategy in office buildings with personal comfort devices},
    volume = {15},
    doi = {https://doi.org/10.1007/s12273-021-0852-1},
    number = {5},
    journal = {Building Simulation},
    author = {Zhang, J. and Zhou, X. and Lei, S. and Luo, M.},
    year = {2022},
    pages = {899--911},

}

